<record><leader>00000cas a22000007a 4500</leader><controlfield tag="001">12332847</controlfield><controlfield tag="008">850801d184518uunyuwr ne      0    0eng  </controlfield><datafield ind1=" " ind2=" " tag="010"><subfield code="a">sn 85042386 </subfield></datafield><datafield ind1=" " ind2=" " tag="040"><subfield code="a">DLC</subfield><subfield code="b">eng</subfield><subfield code="c">DLC</subfield><subfield code="d">NYS</subfield><subfield code="d">OCL</subfield><subfield code="d">OCLCO</subfield><subfield code="d">OCLCQ</subfield><subfield code="d">OCLCF</subfield></datafield><datafield ind1="1" ind2=" " tag="029"><subfield code="a">AU@</subfield><subfield code="b">000025820179</subfield></datafield><datafield ind1=" " ind2=" " tag="042"><subfield code="a">msc</subfield></datafield><datafield ind1=" " ind2=" " tag="043"><subfield code="a">n-us-ny</subfield></datafield><datafield ind1="0" ind2="0" tag="050"><subfield code="a">Newspaper 8829-X</subfield></datafield><datafield ind1="0" ind2=" " tag="130"><subfield code="a">Havana Republican (Havana, N.Y. : 1845)</subfield></datafield><datafield ind1="1" ind2="0" tag="245"><subfield code="a">Havana Republican.</subfield></datafield><datafield ind1=" " ind2=" " tag="260"><subfield code="a">Havana, N.Y. :</subfield><subfield code="b">Nelson Colegrove</subfield></datafield><datafield ind1=" " ind2=" " tag="300"><subfield code="a">v. :</subfield><subfield code="b">ill. (chiefly advertisements) ;</subfield><subfield code="c">55 cm.</subfield></datafield><datafield ind1=" " ind2=" " tag="310"><subfield code="a">Weekly</subfield></datafield><datafield ind1="1" ind2=" " tag="362"><subfield code="a">Began in 1845?</subfield></datafield><datafield ind1=" " ind2=" " tag="500"><subfield code="a">Schuyler County formed from Chemung, Steuben and Tompkins counties, Apr. 17, 1854.</subfield></datafield><datafield ind1=" " ind2=" " tag="500"><subfield code="a">Havana became known as Montour Falls, ca. 1895.</subfield></datafield><datafield ind1=" " ind2=" " tag="500"><subfield code="a">Publishers: Nelson Colegrove, &lt;1845&gt;; W.H. Ongley, &lt;1846-1849&gt;.</subfield></datafield><datafield ind1=" " ind2=" " tag="588"><subfield code="a">Description based on: Vol. 1, no. 2 (Feb. 5, 1845).</subfield></datafield><datafield ind1=" " ind2="0" tag="651"><subfield code="a">Montour Falls (N.Y.)</subfield><subfield code="v">Newspapers.</subfield></datafield><datafield ind1=" " ind2="7" tag="655"><subfield code="a">Newspapers.</subfield><subfield code="2">fast</subfield><subfield code="0">(OCoLC)fst01423814</subfield></datafield><datafield ind1=" " ind2="7" tag="651"><subfield code="a">New York (State)</subfield><subfield code="z">Montour Falls.</subfield><subfield code="2">fast</subfield><subfield code="0">(OCoLC)fst01248375</subfield></datafield><datafield ind1=" " ind2=" " tag="752"><subfield code="a">United States</subfield><subfield code="b">New York</subfield><subfield code="c">Chemung</subfield><subfield code="d">Havana.</subfield></datafield><datafield ind1=" " ind2=" " tag="752"><subfield code="a">United States</subfield><subfield code="b">New York</subfield><subfield code="c">Schuyler</subfield><subfield code="d">Montour Falls.</subfield></datafield><datafield ind1="0" ind2="0" tag="780"><subfield code="t">Chemung Whig</subfield><subfield code="w">(DLC)sn 83031478</subfield></datafield><datafield ind1="0" ind2="0" tag="785"><subfield code="t">Life in the country &amp; Havana Republican</subfield><subfield code="w">(DLC)sn 90066529</subfield><subfield code="w">(OCoLC)22399504</subfield></datafield></record>